@article{k-shape,
author = {Paparrizos, John and Gravano, Luis},
year = {2016},
month = {06},
pages = {69-76},
title = {k-Shape: Efficient and Accurate Clustering of Time Series},
volume = {45},
journal = {ACM SIGMOD Record},
doi = {10.1145/2949741.2949758}
}

@Misc{k-means,
 Author = {J. {MacQueen}},
 Title = {{Some methods for classification and analysis of multivariate observations.}},
 Year = {1967},
 Language = {English},
 HowPublished = {{Proc. 5th Berkeley Symp. Math. Stat. Probab., Univ. Calif. 1965/66, 1, 281-297 (1967).}},
 MSC2010 = {62H30},
 Zbl = {0214.46201}
}